<record xmlns="http://www.loc.gov/MARC21/slim">
   <leader>02910cgm a2200457 i 4500</leader>
   <controlfield tag="001">6775564</controlfield>
   <controlfield tag="003">OCoLC</controlfield>
   <controlfield tag="005">20101102151851.0</controlfield>
   <controlfield tag="008">150112s2015    vau720 g          vleng d</controlfield>
   <datafield ind1=" " ind2=" " tag="020">
      <subfield code="a">9781629971117</subfield>
   </datafield>
   <datafield ind1="5" ind2="0" tag="028">
      <subfield code="a">Course No. 5986</subfield>
      <subfield code="b">Teaching Company</subfield>
   </datafield>
   <datafield ind1=" " ind2=" " tag="035">
      <subfield code="a">ocn903576736</subfield>
   </datafield>
   <datafield ind1=" " ind2=" " tag="040">
      <subfield code="a">ARDC</subfield>
      <subfield code="b">eng</subfield>
      <subfield code="e">rda</subfield>
      <subfield code="c">ARDC</subfield>
   </datafield>
   <datafield ind1="0" ind2=" " tag="041">
      <subfield code="a">eng</subfield>
   </datafield>
   <datafield ind1="1" ind2="4" tag="050">
      <subfield code="a">PN2058</subfield>
      <subfield code="b">.M378 2015</subfield>
   </datafield>
   <datafield ind1=" " ind2=" " tag="090">
      <subfield code="a">PN 2058 M378 2015</subfield>
      <subfield code="b">ARDC</subfield>
   </datafield>
   <datafield ind1="0" ind2="0" tag="245">
      <subfield code="a">Mastering stage presence</subfield>
      <subfield code="h">[videorecording]:</subfield>
      <subfield code="b">how to present to any audience /</subfield>
      <subfield code="c">The Teaching Company.</subfield>
   </datafield>
   <datafield ind1=" " ind2="1" tag="264">
      <subfield code="a">Chantilly, VA :</subfield>
      <subfield code="b">The Teaching Company,</subfield>
      <subfield code="c">2015.</subfield>
   </datafield>
   <datafield ind1=" " ind2=" " tag="300">
      <subfield code="a">4 videodiscs (ca. 720 minutes) :</subfield>
      <subfield code="b">sd., col. ;</subfield>
      <subfield code="c">4 3/4 in. +</subfield>
      <subfield code="e">1 course guidebook (vi, 200 pages ; 19 cm.)</subfield>
   </datafield>
   <datafield ind1=" " ind2=" " tag="336">
      <subfield code="a">two-dimensional moving image</subfield>
      <subfield code="b">tdi</subfield>
      <subfield code="2">rdacontent</subfield>
   </datafield>
   <datafield ind1=" " ind2=" " tag="337">
      <subfield code="a">video</subfield>
      <subfield code="b">v</subfield>
      <subfield code="2">rdamedia</subfield>
   </datafield>
   <datafield ind1=" " ind2=" " tag="338">
      <subfield code="a">videodisc</subfield>
      <subfield code="b">vd</subfield>
      <subfield code="2">rdacarrier</subfield>
   </datafield>
   <datafield ind1="1" ind2=" " tag="490">
      <subfield code="a">Great courses, professional</subfield>
   </datafield>
   <datafield ind1=" " ind2=" " tag="500">
      <subfield code="a">Course guidebook includes professor biography, statement of course scope, lecture outlines and notes, toolkits, and bibliography.</subfield>
   </datafield>
   <datafield ind1=" " ind2=" " tag="500">
      <subfield code="a">Twenty-four lectures of thirty minutes each.</subfield>
   </datafield>
   <datafield ind1=" " ind2=" " tag="504">
      <subfield code="a">Includes bibliographical references (pages 189-200).</subfield>
   </datafield>
   <datafield ind1="0" ind2=" " tag="505">
      <subfield code="a">The performance triangle -- Modern acting technique -- Building a character -- Analyzing backstory and motivation -- Identifying your unconscious habits -- Recovering your natural alignment -- The body balanced at rest -- The body balanced in motion -- Intent, purpose, and character -- Playing status relationships -- Stage movement savvy -- The glorious human voice -- Accessing the breath -- Your vocal energy -- Vocal dynamics: your best voice -- Clear, energized speech -- The muscles of speech -- Vocal color: pacing and phrasing -- Accents and dialects -- Acing the audition -- Preparing for the performance -- Using stage fright energy -- Working the crowd with confidence -- Stage presence: a way of life.</subfield>
   </datafield>
   <datafield ind1="0" ind2=" " tag="511">
      <subfield code="a">Instructor: Melanie M. Long, Assistant Professor of Acting and Directing at the University of Minnesota.</subfield>
   </datafield>
   <datafield ind1=" " ind2=" " tag="520">
      <subfield code="a">In Mastering Stage Presence: How to Present to Any Audience, Melanie Martin Long, a celebrated teacher of acting and directing, leads you in an in-depth exploration of the skills—and the joy—of performance and self-presentation, which apply to any situation where you present yourself to others.</subfield>
   </datafield>
   <datafield ind1=" " ind2=" " tag="538">
      <subfield code="a">DVD.</subfield>
   </datafield>
   <datafield ind1=" " ind2=" " tag="596">
      <subfield code="a">35</subfield>
   </datafield>
   <datafield ind1=" " ind2="0" tag="650">
      <subfield code="a">Performing arts</subfield>
      <subfield code="x">Psychological aspects</subfield>
   </datafield>
   <datafield ind1=" " ind2="0" tag="650">
      <subfield code="a">Stage presence.</subfield>
   </datafield>
   <datafield ind1=" " ind2="0" tag="650">
      <subfield code="a">Acting</subfield>
      <subfield code="x">Psychological aspects.</subfield>
   </datafield>
   <datafield ind1=" " ind2="0" tag="650">
      <subfield code="a">Public speaking.</subfield>
   </datafield>
   <datafield ind1=" " ind2="0" tag="650">
      <subfield code="a">Acting.</subfield>
   </datafield>
   <datafield ind1=" " ind2="7" tag="655">
      <subfield code="a">Educational films.</subfield>
      <subfield code="2">lcgft</subfield>
   </datafield>
   <datafield ind1="2" ind2=" " tag="710">
      <subfield code="a">Teaching Company.</subfield>
   </datafield>
   <datafield ind1=" " ind2="0" tag="830">
      <subfield code="a">Great courses (DVD)</subfield>
   </datafield>
   <datafield ind1=" " ind2=" " tag="926">
      <subfield code="a">PN 2058 M378 2015</subfield>
      <subfield code="w">LC</subfield>
      <subfield code="c">1</subfield>
      <subfield code="i">30125302523153</subfield>
      <subfield code="d">2/13/2017</subfield>
      <subfield code="e">1/29/2017</subfield>
      <subfield code="l">MEDIA</subfield>
      <subfield code="m">RED_DEER_C</subfield>
      <subfield code="n">3</subfield>
      <subfield code="r">Y</subfield>
      <subfield code="s">Y</subfield>
      <subfield code="t">VIDEO</subfield>
      <subfield code="u">1/13/2015</subfield>
   </datafield>
   <datafield ind1=" " ind2=" " tag="926">
      <subfield code="a">PN 2058 M378 2015 gd.</subfield>
      <subfield code="w">LC</subfield>
      <subfield code="c">1</subfield>
      <subfield code="i">30125302523146</subfield>
      <subfield code="d">2/13/2017</subfield>
      <subfield code="e">1/29/2017</subfield>
      <subfield code="l">MEDIA</subfield>
      <subfield code="m">RED_DEER_C</subfield>
      <subfield code="n">4</subfield>
      <subfield code="r">Y</subfield>
      <subfield code="s">Y</subfield>
      <subfield code="t">VIDEO</subfield>
      <subfield code="u">9/28/2015</subfield>
   </datafield>
</record>
